<?xml version="1.0" encoding="UTF-8"?><collection><record><leader>05669ntm a2200541 a 4500</leader><controlfield tag="001">006806236</controlfield><controlfield tag="003">MiAaHDL</controlfield><controlfield tag="005">20190719000000.0</controlfield><controlfield tag="006">m        d        </controlfield><controlfield tag="007">cr bn ---auaua</controlfield><controlfield tag="008">090602s16uu    xx            00| ||ara d</controlfield><datafield tag="035" ind1=" " ind2=" "><subfield code="a">(MiU)006806236</subfield></datafield><datafield tag="035" ind1=" " ind2=" "><subfield code="a">sdr-miu006806236</subfield></datafield><datafield tag="040" ind1=" " ind2=" "><subfield code="a">MiU</subfield><subfield code="c">MiU</subfield><subfield code="e">amremm</subfield></datafield><datafield tag="043" ind1=" " ind2=" "><subfield code="a">n-us-mi</subfield></datafield><datafield tag="100" ind1="1" ind2=" "><subfield code="6">880-01</subfield><subfield code="a">Shāṭibī, al-Qāsim ibn Fīrruh,</subfield><subfield code="d">1144-1194.</subfield></datafield><datafield tag="240" ind1="1" ind2="0"><subfield code="6">880-02</subfield><subfield code="a">Ḥirz al-amānī wa-wajh al-tahānī</subfield></datafield><datafield tag="245" ind1="1" ind2="3"><subfield code="6">880-03</subfield><subfield code="a">al-Shāṭibīyah,</subfield><subfield code="f">[17th century?].</subfield></datafield><datafield tag="260" ind1=" " ind2=" "><subfield code="c">[16--?].</subfield></datafield><datafield tag="300" ind1=" " ind2=" "><subfield code="a">60 leaves :</subfield><subfield code="b">paper ;</subfield><subfield code="c">175 x 130 (135 x 85) mm.</subfield></datafield><datafield tag="500" ind1=" " ind2=" "><subfield code="a">Shelfmark: Ann Arbor, University of Michigan, Special Collections Library, Isl. Ms. 470</subfield></datafield><datafield tag="500" ind1=" " ind2=" "><subfield code="a">Origin: Lacks dated colophon ; paper and hand may suggest 16th century.</subfield></datafield><datafield tag="500" ind1=" " ind2=" "><subfield code="a">Accompanying materials: a. Inventory cataloguing slip in hand of Winifred Smeaton Thomas. (pp.1-2)-- b. Acquisitions slip from Yahuda. (pp.3-4).</subfield></datafield><datafield tag="500" ind1=" " ind2=" "><subfield code="a">Former shelfmark: From inner front cover and spine label, "IL 169" (likely supplied by Yahuda, see acquisitions slip).</subfield></datafield><datafield tag="500" ind1=" " ind2=" "><subfield code="a">Binding: Pasteboards covered in marbled paper (in shades of pink and blue) with red leather over spine, fore edge flap and fore edge of upper board ; Type II binding (with flap) ; board linings in European laid paper ; sewn in grey thread, two stations ; overall in good condition with only minor abrasion, lifting and losses of leather.</subfield></datafield><datafield tag="500" ind1=" " ind2=" "><subfield code="a">Support: non-European (likely Arab) laid paper with roughly 8-9 laid lines per cm. (vertical) and chain lines grouped in threes (horizontal) with roughly 8-11 mm. between chains and 36-39 mm. between groups ; well-burnished and quite smooth ; firm and fairly crisp.</subfield></datafield><datafield tag="500" ind1=" " ind2=" "><subfield code="a">Decoration: Section headings, keywords, and abbreviations (abbreviation symbols) rubricated ; textual dividers in the form of red discs.</subfield></datafield><datafield tag="500" ind1=" " ind2=" "><subfield code="a">Script: Naskh ; fine Turkish hand ; mainly sans serif though left sloping head-serif appears occasionally on alif of lām-alif ligature ; effect of tilt to the left ; many open counters ; pointing in distinct dots, with two dots occasionally oriented vertically ; fully vocalized ; section headings in larger curvilinear script approaching thuluth.</subfield></datafield><datafield tag="500" ind1=" " ind2=" "><subfield code="a">Layout: Written in 11 lines per page ; frame-ruled.</subfield></datafield><datafield tag="500" ind1=" " ind2=" "><subfield code="a">Collation: 6 V (60) ; exclusively quinions ; catchwords inconsistently present ; quire signatures (numbering) in the form of full words in the top left corner of the recto of the first leaf of each quite ; pagination in pencil, Western numerals, supplied during digitization (includes inserts).</subfield></datafield><datafield tag="500" ind1=" " ind2=" "><subfield code="a">Explicit: "واخر دعوانا بتوفيق ربنا ان الحمد لله الذي وحده علا وبعد صلاة الله ثم سلامه على سيد الخلق الرضي متنخلا محمد المختار للمجد كعبة صلوة تباري الريح مسكا ومندلا وتبدي على اصحابه نفحاتها بغير ثناه زرنبا وقرنفلا كملت بحمد الله وعونه وحسن تأييده وصلى الله على سيدنا محمد و اله وسلم تسليما"</subfield></datafield><datafield tag="500" ind1=" " ind2=" "><subfield code="a">Incipit: "قال الشيخ الاجل الامام المقرئ ابو القاسم بن فيره بن خلف بن احمد الرعيني ثم الشاطبي رضي الله وارضاه بدأت ببسم الله في النظم اولا تبارك رحمانا رحيما وموئلا وثنيت صلى الله ربي على الرضى محمد المهدى الى الناس مرسلا"</subfield></datafield><datafield tag="500" ind1=" " ind2=" "><subfield code="a">Title from inscriptions on interior of upper cover and 'title page' (p.7).</subfield></datafield><datafield tag="500" ind1=" " ind2=" "><subfield code="a">Ms. codex.</subfield></datafield><datafield tag="510" ind1="4" ind2=" "><subfield code="a">Ḥājjī Khalīfah. Kashf al-ẓunūn,</subfield><subfield code="c">iii 43</subfield></datafield><datafield tag="510" ind1="4" ind2=" "><subfield code="a">Brockelmann, C. GAL</subfield><subfield code="c">I 409</subfield></datafield><datafield tag="520" ind1="8" ind2=" "><subfield code="a">Fine copy of al-Shāṭibī's versification (ṭawīl, in 1173 verses) of al-Dānī's compendium of the seven readings, al-Taysīr, intended as a didactic poem which eases the task of memorization via a clever mnemonic device in the form of carefully introduced sigla. A table with these sigla and abbreviation symbols appears on the recto of the opening leaf of the codex (p.5). Table of contents on 'title page' (p.7) would indicate that this work was once part of a collection of texts from which it has been since separated. Description provided by Maxim Romanov.</subfield></datafield><datafield tag="538" ind1=" " ind2=" "><subfield code="a">Mode of access: Internet.</subfield></datafield><datafield tag="541" ind1=" " ind2=" "><subfield code="a">Acquired in 1926 from the bookseller Isaac Benjamin S.E. Yahuda via purchase transacted on his behalf by Abraham Shalom Yahuda (1877-1951), his younger brother.</subfield></datafield><datafield tag="546" ind1=" " ind2=" "><subfield code="a">Arabic.</subfield></datafield><datafield tag="561" ind1=" " ind2=" "><subfield code="a">Ownership statement on 'title page' (p.7) in name of Aḥmad al-Muẓaffarī (who listed the contents for the majmūʻ this manuscript's work was once apart of) and Yaḥyá ibn Muḥammad al-Ashnānī (who purchased it from the former) reads "ملك هذا المجموع كاتبه احمد ... المظفري لطف الله به ملكه منه ببيع صحيح يحيى ابن محمد الاشناني لطف الله به امين" collation marks (بلغ) ; occasional glosses and marginal corrections.</subfield></datafield><datafield tag="600" ind1="1" ind2="0"><subfield code="a">Dānī, ʻUthmān ibn Saʻīd,</subfield><subfield code="d">981 or 2-1053.</subfield><subfield code="t">Taysīr fī al-qirāʼāt al-sabʻ.</subfield></datafield><datafield tag="630" ind1="0" ind2="0"><subfield code="a">Qurʼan</subfield><subfield code="x">Readings</subfield><subfield code="v">Early works to 1800.</subfield></datafield><datafield tag="650" ind1=" " ind2="0"><subfield code="a">Manuscripts, Arabic</subfield><subfield code="z">Michigan</subfield><subfield code="z">Ann Arbor.</subfield></datafield><datafield tag="773" ind1="0" ind2=" "><subfield code="a">Yahuda Collection.</subfield></datafield><datafield tag="880" ind1="1" ind2="2"><subfield code="6">245-03/</subfield><subfield code="a">الشاطبية,</subfield><subfield code="f">[القرن 17م؟].</subfield></datafield><datafield tag="880" ind1="1" ind2="0"><subfield code="6">240-02/</subfield><subfield code="a">حرز الاماني ووجه التهاني</subfield></datafield><datafield tag="880" ind1="1" ind2=" "><subfield code="6">100-01/</subfield><subfield code="a">شاطبي، القاسم بن فيره.</subfield></datafield><datafield tag="CID" ind1=" " ind2=" "><subfield code="a">006806236</subfield></datafield><datafield tag="DAT" ind1="0" ind2=" "><subfield code="a">20190719102637.0</subfield><subfield code="b">20190719000000.0</subfield></datafield><datafield tag="DAT" ind1="1" ind2=" "><subfield code="a">20190719090653.0</subfield><subfield code="b">2019-07-19T16:11:33Z</subfield></datafield><datafield tag="DAT" ind1="2" ind2=" "><subfield code="a">2015-10-10T18:00:06Z</subfield></datafield><datafield tag="CAT" ind1=" " ind2=" "><subfield code="a">SDR-MIU</subfield><subfield code="d">EX LIBRIS - ALEPH</subfield><subfield code="l">prepare.pl-004-008</subfield></datafield><datafield tag="FMT" ind1=" " ind2=" "><subfield code="a">BK</subfield></datafield><datafield tag="HOL" ind1=" " ind2=" "><subfield code="0">sdr-miu006806236</subfield><subfield code="a">MiU</subfield><subfield code="b">SDR</subfield><subfield code="c">MIU</subfield><subfield code="p">mdp.39015079127760</subfield><subfield code="s">MIU</subfield><subfield code="1">006806236</subfield></datafield><datafield tag="974" ind1=" " ind2=" "><subfield code="b">MIU</subfield><subfield code="c">MIU</subfield><subfield code="d">20190719</subfield><subfield code="s">lit-dlps-dc</subfield><subfield code="u">mdp.39015079127760</subfield><subfield code="y">1699</subfield><subfield code="r">pd</subfield><subfield code="q">bib</subfield><subfield code="t">non-US bib date1 &lt; 1879</subfield></datafield></record></collection>